@phdthesis{Brandstein:1995:FSS:922154,
 author = {Brandstein, Michael Shapiro},
 title = {A Framework for Speech Source Localization Using Sensor Arrays},
 year = {1995},
 note = {AAI9540732},
 publisher = {Brown University},
 address = {Providence, RI, USA},
} 

@article{1162830, 
author={C. Knapp and G. Carter}, 
journal={IEEE Transactions on Acoustics, Speech, and Signal Processing}, 
title={The generalized correlation method for estimation of time delay}, 
year={1976}, 
volume={24}, 
number={4}, 
pages={320-327}, 
keywords={Correlation;Correlators;Delay effects;Delay estimation;Frequency;Mathematical model;Maximum likelihood estimation;Propagation delay;Signal processing;Signal to noise ratio}, 
doi={10.1109/TASSP.1976.1162830}, 
ISSN={0096-3518}, 
month={Aug},}

@book{benesty2008microphone,
  title={Microphone array signal processing},
  author={Benesty, Jacob and Chen, Jingdong and Huang, Yiteng},
  volume={1},
  year={2008},
  publisher={Springer Science \& Business Media}
}

@Book{papoulis2002,
  Author         = "A. {Papoulis} and S.~U. {Pillai}",
  Title          = "{Probability, Random Variables, and Stochastic
                   Processes}",
  Publisher      = "McGraw-Hill Higher Education",
  Edition        = "4",
  booktitle      = "Probability, Random Variables, and Stochastic
                   Processes, Fourth Edition, by Athanasios Papoulis and
                   S.~Unnikrishna Pillai.~ISBN
                   978-0-07-366011-0.~Published by McGraw-Hill Higher
                   Education (a division of McGraw-Hill Companies), New
                   York, NY USA, 2002.",
  keywords       = "Probabilities.~Random variables.~Stochastic processes.",
  localfile      = "file:///d0/bosmanoglu/ownCloud/Papers/Papoulis,
                   A./Probability Random Variables and Stochastic
                   Processes.pdf",
  year           = 2002
}

@article{dmochowski2007generalized,
  title={A generalized steered response power method for computationally viable source localization},
  author={Dmochowski, Jacek P and Benesty, Jacob and Affes, Sofiene},
  journal={IEEE Transactions on Audio, Speech, and Language Processing},
  volume={15},
  number={8},
  pages={2510--2526},
  year={2007},
  publisher={IEEE}
}

@article{omologo1997use,
  title={Use of the crosspower-spectrum phase in acoustic event location},
  author={Omologo, Maurizio and Svaizer, Piergiorgio},
  journal={IEEE Transactions on Speech and Audio Processing},
  volume={5},
  number={3},
  pages={288--292},
  year={1997},
  publisher={IEEE}
}

@article{attenborough1988review,
  title={Review of ground effects on outdoor sound propagation from continuous broadband sources},
  author={Attenborough, Keith},
  journal={Applied acoustics},
  volume={24},
  number={4},
  pages={289--319},
  year={1988},
  publisher={Elsevier}
}

@inproceedings{peterson2005hybrid,
  title={Hybrid algorithm for robust, real-time source localization in reverberant environments},
  author={Peterson, J Michael and Kyriakakis, Chris},
  booktitle={Acoustics, Speech, and Signal Processing, 2005. Proceedings.(ICASSP'05). IEEE International Conference on},
  volume={4},
  pages={iv--1053},
  year={2005},
  organization={IEEE}
}

@book{ISO9613,
  title={ISO 9613-2 : Acoustics - Acoustics - Attenuation of Sound During Propagarion Outdoors: Parte 2, General method of calculation},
  author={Organizaci{\'o}n Internacional de Normalizaci{\'o}n},
  number={pt. 2},
  year={1996},
  publisher={ISO}
}

@article{dutilleux2010nmpb,
  title={NMPB-ROUTES-2008: the revision of the French method for road traffic noise prediction},
  author={Dutilleux, Guillaume and Defrance, J{\'e}r{\^o}me and Ecoti{\`e}re, David and Gauvreau, Benoit and B{\'e}rengier, Michel and Besnard, Francis and Duc, Emmanuel Le},
  journal={Acta Acustica united with Acustica},
  volume={96},
  number={3},
  pages={452--462},
  year={2010},
  publisher={S. Hirzel Verlag}
}

@article{plovsing2000nord2000,
  title={Nord2000},
  author={Plovsing, Birger and Kragh, J},
  journal={COMPREHENSIVE OUTDOOR SOUND PROPAGATION MODEL. DELTA Report, Lyngby},
  volume={31},
  year={2000}
}

@article{defrance2007outdoor,
  title={Outdoor sound propagation reference model developed in the European Harmonoise project},
  author={Defrance, J{\'e}r{\^o}me and Salomons, Erik and Noordhoek, Ingrid and Heimann, Dietrich and Plovsing, Birger and Watts, Greg and Jonasson, Hans and Zhang, Xuetao and Premat, Eric and Schmich, Isabelle and others},
  journal={Acta Acustica united with Acustica},
  volume={93},
  number={2},
  pages={213--227},
  year={2007},
  publisher={S. Hirzel Verlag}
}

@article{jonsson2008comparison,
  title={A comparison of two engineering models for outdoor sound propagation: Harmonoise and Nord2000},
  author={J{\'o}nsson, Gunnar Birnir and Jacobsen, Finn},
  journal={Acta Acustica united with Acustica},
  volume={94},
  number={2},
  pages={282--289},
  year={2008},
  publisher={S. Hirzel Verlag}
}
@article{garg2014critical,
  title={A critical review of principal traffic noise models: Strategies and implications},
  author={Garg, Naveen and Maji, Sagar},
  journal={Environmental Impact Assessment Review},
  volume={46},
  pages={68--81},
  year={2014},
  publisher={Elsevier}
}

@misc{kephalopoulos2012common,
  title={Common noise assessment methods in Europe (CNOSSOS-EU)},
  author={Kephalopoulos, Stylianos and Paviotti, Marco and Ledee, Fabienne Anfosso},
  journal={Common noise assessment methods in Europe (CNOSSOS-EU)},
  pages={180--p},
  year={2012},
  publisher={Publications Office of the European Union}
}

@article{evans1972atmospheric,
  title={Atmospheric absorption of sound: theoretical predictions},
  author={Evans, LB and Bass, HE and Sutherland, LC},
  journal={The Journal of the Acoustical Society of America},
  volume={51},
  number={5B},
  pages={1565--1575},
  year={1972},
  publisher={ASA}
}

@article{bass1990atmospheric,
  title={Atmospheric absorption of sound: Update},
  author={Bass, HE and Sutherland, LC and Zuckerwar, AJ},
  journal={The Journal of the Acoustical Society of America},
  volume={88},
  number={4},
  pages={2019--2021},
  year={1990},
  publisher={ASA}
}